@misc{karhub,
	title = {Bico \textsc{I}njetor \textsc{D}iesel \textsc{B}osch - 0 433 175 140},
	author = {Karhub},
	year = {2025},	
	url = {},
	note = {Disponível em: \url{https://www.karhub.com.br/p/bico-injetor-diesel-bosch-0-433-175-140-13607060. Acessado em: 17 maio 2025}
}

@article{Girotto2023,
	author = {Vinicius Girotto},
	pages = {75},
	title = {Análise Técnica para Remanufatura de um Bico Injetor Diesel},
	year = {2023}
}
